<collection>
<record>
<leader>07305cpcaa22011657a 4500</leader>
<controlfield tag="001">16147117</controlfield>
<controlfield tag="005">20210608135138.0</controlfield>
<controlfield tag="007">st ||ncm|||n|e</controlfield>
<controlfield tag="007">ss ||njl|||n|e</controlfield>
<controlfield tag="008">100322i19791979dcu eng </controlfield>
<datafield ind1=" " ind2=" " tag="906">
<subfield code="a">7</subfield>
<subfield code="b">cbc</subfield>
<subfield code="c">orignew</subfield>
<subfield code="d">u</subfield>
<subfield code="e">ncip</subfield>
<subfield code="f">20</subfield>
<subfield code="g">y-folklife</subfield>
</datafield>
<datafield ind1=" " ind2=" " tag="955">
<subfield code="a">
mkru 2010-03-22; cker 2010-09-28; cker 2012-01-26; cker 2014-12-12
</subfield>
<subfield code="a">mkru 2017-02-07</subfield>
<subfield code="a">mseg 2017-07-11</subfield>
<subfield code="a">mkru 2018-01-05</subfield>
<subfield code="a">mkru 2018-03-15</subfield>
<subfield code="a">masmit 2021-06-08</subfield>
</datafield>
<datafield ind1=" " ind2=" " tag="010">
<subfield code="a"> 2010655341</subfield>
</datafield>
<datafield ind1=" " ind2=" " tag="040">
<subfield code="a">DLC</subfield>
<subfield code="c">DLC</subfield>
<subfield code="e">dacs</subfield>
<subfield code="d">DLC</subfield>
</datafield>
<datafield ind1=" " ind2=" " tag="043">
<subfield code="a">n-us-ri</subfield>
</datafield>
<datafield ind1=" " ind2=" " tag="090">
<subfield code="a">RXA 3864-4001; RYA 2545-2603</subfield>
</datafield>
<datafield ind1=" " ind2=" " tag="090">
<subfield code="a">AFS 22208-22405</subfield>
</datafield>
<datafield ind1=" " ind2=" " tag="090">
<subfield code="a">AFC 1991/022</subfield>
</datafield>
<datafield ind1="0" ind2="0" tag="245">
<subfield code="a">Rhode Island Folklife Project collection,</subfield>
<subfield code="f">1979 /</subfield>
<subfield code="c">collected by the American Folklife Center.</subfield>
</datafield>
<datafield ind1=" " ind2="0" tag="264">
<subfield code="c">1979.</subfield>
</datafield>
<datafield ind1=" " ind2=" " tag="300">
<subfield code="a">17,309</subfield>
<subfield code="f">items.</subfield>
</datafield>
<datafield ind1=" " ind2=" " tag="300">
<subfield code="3">manuscripts + photographs</subfield>
<subfield code="a">13 containers,</subfield>
<subfield code="a">(6</subfield>
<subfield code="f">linear feet).</subfield>
</datafield>
<datafield ind1=" " ind2=" " tag="300">
<subfield code="3">color slides</subfield>
<subfield code="a">38</subfield>
<subfield code="f">containers.</subfield>
</datafield>
<datafield ind1=" " ind2=" " tag="300">
<subfield code="a">128 sound tape reels :</subfield>
<subfield code="b">analog, 7 1/2 ips ;</subfield>
<subfield code="c">7 in.</subfield>
</datafield>
<datafield ind1=" " ind2=" " tag="300">
<subfield code="a">10 sound tape reels :</subfield>
<subfield code="b">analog, 3 3/4 ips;</subfield>
<subfield code="c">7 in.</subfield>
</datafield>
<datafield ind1=" " ind2=" " tag="300">
<subfield code="a">60 sound cassettes :</subfield>
<subfield code="b">analog.</subfield>
</datafield>
<datafield ind1=" " ind2=" " tag="300">
<subfield code="a">approximately 7542 slides :</subfield>
<subfield code="b">color ;</subfield>
<subfield code="c">35 mm</subfield>
</datafield>
<datafield ind1=" " ind2=" " tag="300">
<subfield code="a">approximately 24 transparancies :</subfield>
<subfield code="b">color ;</subfield>
<subfield code="c">2 1/4 x 2 1/4 in.</subfield>
</datafield>
<datafield ind1=" " ind2=" " tag="300">
<subfield code="a">approximately 9289 photographs :</subfield>
<subfield code="b">film negatives, black and white ;</subfield>
<subfield code="c">35 mm</subfield>
</datafield>
<datafield ind1=" " ind2=" " tag="300">
<subfield code="a">approximately 256 photographs :</subfield>
<subfield code="b">film negatives, black and white ;</subfield>
<subfield code="c">2 1/4 x 2 1/4 in.</subfield>
</datafield>
<datafield ind1=" " ind2=" " tag="351">
<subfield code="a">
Organized into the following series: I. Administration; II. Collected Publications and Ephemera; III. Documentation (fieldnotes, photographs, and sound recordings); IV. Final Products.
</subfield>
</datafield>
<datafield ind1="1" ind2=" " tag="506">
<subfield code="a">
Collection is open for research; access to some physical collection materials is restricted, some or all content is stored offsite. To request materials, please contact the Folklife Reading Room at
</subfield>
<subfield code="u">http://hdl.loc.gov/loc.afc/folklife.contact</subfield>
</datafield>
<datafield ind1=" " ind2=" " tag="545">
<subfield code="a">
A field survey project of the American Folklife Center, Library of Congress, conducted in cooperation with the Rhode Island Heritage Commission, the Rhode Island Council on the Arts, and the Rhode Island Historical Society from July 15 - December 31, 1979.
</subfield>
</datafield>
<datafield ind1=" " ind2=" " tag="520">
<subfield code="a">
American Folklife Center field project which documented ethnic, regional, and occupational traditions of Rhode Island, especially ethnic arts (African American, French-Canadian, Greek, Irish, Jamaican, Polish, Portuguese, Ukrainian, Italian, Lithuanian, Narragansett, and others), maritime activities, material culture, and local history. Documentation was created by fieldworkers Peter Bartis, Michael E. Bell, Thomas A. Burns, Carl Fleischhauer, Henry Horenstein, Geraldine Niva Johnson, and Kenneth S. Goldstein, project director, from July 15 to December 31, 1979. Sound recordings include interviews and documentation of a play, church services, music and dance, and other events. Subjects of photographs include Rhode Island houses, barns, beaches, yards, gardens, orchards, churches, cemeteries, street scenes, landscapes, sea scapes; religious processions; recreation, including baseball, horseshoes, sailing; restaurants and foodways; picnics; textile mills, sawmills; businesses; markets; Jamaican migrant workers; woodworking; boatbuilding; fishing, clamming; gunsmithing; taxidermy; arts and crafts; sand sculptures; musicians and dancing; and other subjects.
</subfield>
</datafield>
<datafield ind1=" " ind2=" " tag="524">
<subfield code="a">
Rhode Island Folklife Project collection (AFC 1991/022), Archive of Folk Culture, American Folklife Center, Library of Congress, Washington, D.C.
</subfield>
</datafield>
<datafield ind1=" " ind2=" " tag="530">
<subfield code="a">Online content</subfield>
<subfield code="u">
https://www.loc.gov/collections/rhode-island-folklife-project/about-this-collection/
</subfield>
</datafield>
<datafield ind1=" " ind2=" " tag="540">
<subfield code="a">
Duplication of the collection materials may be governed by copyright and other restrictions.
</subfield>
</datafield>
<datafield ind1=" " ind2=" " tag="541">
<subfield code="a">Accessioned;</subfield>
<subfield code="d">1979.</subfield>
</datafield>
<datafield ind1=" " ind2=" " tag="555">
<subfield code="a">
An inventory is available in the Folklife Reading Room, Library of Congress and online
</subfield>
<subfield code="u">http://hdl.loc.gov/loc.afc/eadafc.af006004</subfield>
</datafield>
<datafield ind1=" " ind2=" " tag="581">
<subfield code="a">
Published report: Rhode Island folklife resources, prepared by Peter T. Bartis (Washington, D.C.: American Folklife Center, Library of Congress, 1983)
</subfield>
</datafield>
<datafield ind1=" " ind2="0" tag="650">
<subfield code="a">Folklore</subfield>
<subfield code="z">Rhode Island.</subfield>
</datafield>
<datafield ind1=" " ind2="0" tag="650">
<subfield code="a">Ethnic arts</subfield>
<subfield code="z">Rhode Island.</subfield>
</datafield>
<datafield ind1=" " ind2="0" tag="650">
<subfield code="a">Folk music</subfield>
<subfield code="z">Rhode Island.</subfield>
</datafield>
<datafield ind1=" " ind2="0" tag="650">
<subfield code="a">Boatbuilding</subfield>
<subfield code="z">Rhode Island.</subfield>
</datafield>
<datafield ind1=" " ind2="0" tag="650">
<subfield code="a">Churches</subfield>
<subfield code="z">Rhode Island.</subfield>
</datafield>
<datafield ind1=" " ind2="0" tag="650">
<subfield code="a">Fishing</subfield>
<subfield code="z">Rhode Island.</subfield>
</datafield>
<datafield ind1=" " ind2="0" tag="650">
<subfield code="a">Folk art</subfield>
<subfield code="v">Exhibitions</subfield>
<subfield code="z">Rhode Island.</subfield>
</datafield>
<datafield ind1=" " ind2="0" tag="650">
<subfield code="a">Gunsmithing</subfield>
<subfield code="z">Rhode Island.</subfield>
</datafield>
<datafield ind1=" " ind2="0" tag="650">
<subfield code="a">Migrant labor</subfield>
<subfield code="z">Rhode Island.</subfield>
</datafield>
<datafield ind1=" " ind2="0" tag="650">
<subfield code="a">Occupations</subfield>
<subfield code="z">Rhode Island.</subfield>
</datafield>
<datafield ind1=" " ind2="0" tag="650">
<subfield code="a">Orchards</subfield>
<subfield code="z">Rhode Island.</subfield>
</datafield>
<datafield ind1=" " ind2="0" tag="650">
<subfield code="a">Powwows</subfield>
<subfield code="z">Rhode Island</subfield>
<subfield code="z">Lafayette.</subfield>
</datafield>
<datafield ind1=" " ind2="7" tag="650">
<subfield code="a">Religious processions</subfield>
<subfield code="y">1970-1980.</subfield>
<subfield code="2">lctgm</subfield>
</datafield>
<datafield ind1=" " ind2="0" tag="650">
<subfield code="a">Sailing</subfield>
<subfield code="z">Rhode Island.</subfield>
</datafield>
<datafield ind1=" " ind2="0" tag="650">
<subfield code="a">Sand sculpture</subfield>
<subfield code="z">Rhode Island.</subfield>
</datafield>
<datafield ind1=" " ind2="0" tag="650">
<subfield code="a">Taxidermy</subfield>
<subfield code="z">Rhode Island.</subfield>
</datafield>
<datafield ind1=" " ind2="0" tag="650">
<subfield code="a">Theater</subfield>
<subfield code="z">Rhode Island.</subfield>
</datafield>
<datafield ind1=" " ind2="0" tag="650">
<subfield code="a">Wood-carving</subfield>
<subfield code="z">Rhode Island.</subfield>
</datafield>
<datafield ind1=" " ind2="0" tag="650">
<subfield code="a">African Americans</subfield>
<subfield code="z">Rhode Island</subfield>
<subfield code="x">Social life and customs.</subfield>
</datafield>
<datafield ind1=" " ind2="0" tag="650">
<subfield code="a">Greek Americans</subfield>
<subfield code="z">Rhode Island</subfield>
<subfield code="x">Social life and customs.</subfield>
</datafield>
<datafield ind1=" " ind2="0" tag="650">
<subfield code="a">French-Canadians</subfield>
<subfield code="z">Rhode Island</subfield>
<subfield code="x">Social life and customs.</subfield>
</datafield>
<datafield ind1=" " ind2="0" tag="650">
<subfield code="a">Irish Americans</subfield>
<subfield code="z">Rhode Island</subfield>
<subfield code="x">Social life and customs.</subfield>
</datafield>
<datafield ind1=" " ind2="0" tag="650">
<subfield code="a">Italian Americans</subfield>
<subfield code="z">Rhode Island</subfield>
<subfield code="x">Social life and customs.</subfield>
</datafield>
<datafield ind1=" " ind2="0" tag="650">
<subfield code="a">Jamaicans</subfield>
<subfield code="z">Rhode Island</subfield>
<subfield code="x">Social life and customs.</subfield>
</datafield>
<datafield ind1=" " ind2="0" tag="650">
<subfield code="a">Lithuanian Americans</subfield>
<subfield code="z">Rhode Island</subfield>
<subfield code="x">Social life and customs.</subfield>
</datafield>
<datafield ind1=" " ind2="0" tag="650">
<subfield code="a">Narragansett Indians</subfield>
<subfield code="z">Rhode Island</subfield>
<subfield code="x">Social life and customs.</subfield>
</datafield>
<datafield ind1=" " ind2="0" tag="650">
<subfield code="a">Polish Americans</subfield>
<subfield code="z">Rhode Island</subfield>
<subfield code="x">Social life and customs.</subfield>
</datafield>
<datafield ind1=" " ind2="0" tag="650">
<subfield code="a">Portuguese Americans</subfield>
<subfield code="z">Rhode Island</subfield>
<subfield code="x">Social life and customs.</subfield>
</datafield>
<datafield ind1=" " ind2="0" tag="650">
<subfield code="a">Ukrainian Americans</subfield>
<subfield code="z">Rhode Island</subfield>
<subfield code="x">Social life and customs.</subfield>
</datafield>
<datafield ind1=" " ind2="0" tag="651">
<subfield code="a">Rhode Island</subfield>
<subfield code="x">Social life and customs.</subfield>
</datafield>
<datafield ind1=" " ind2="7" tag="655">
<subfield code="a">Ethnography.</subfield>
<subfield code="2">aat</subfield>
</datafield>
<datafield ind1=" " ind2="7" tag="655">
<subfield code="a">Interviews.</subfield>
<subfield code="2">lcgft</subfield>
</datafield>
<datafield ind1=" " ind2="7" tag="655">
<subfield code="a">Oral histories.</subfield>
<subfield code="2">lcgft</subfield>
</datafield>
<datafield ind1=" " ind2="7" tag="655">
<subfield code="a">Field notes.</subfield>
<subfield code="2">aat</subfield>
</datafield>
<datafield ind1=" " ind2="7" tag="655">
<subfield code="a">Sound recordings.</subfield>
<subfield code="2">lcgft</subfield>
</datafield>
<datafield ind1=" " ind2="7" tag="655">
<subfield code="a">Color slides.</subfield>
<subfield code="2">aat</subfield>
</datafield>
<datafield ind1=" " ind2="7" tag="655">
<subfield code="a">Photographs.</subfield>
<subfield code="2">gmgpc</subfield>
</datafield>
<datafield ind1=" " ind2="7" tag="655">
<subfield code="a">Manuscripts.</subfield>
<subfield code="2">aat</subfield>
</datafield>
<datafield ind1=" " ind2="7" tag="655">
<subfield code="a">Correspondence.</subfield>
<subfield code="2">aat</subfield>
</datafield>
<datafield ind1=" " ind2="7" tag="655">
<subfield code="a">Maps.</subfield>
<subfield code="2">aat</subfield>
</datafield>
<datafield ind1=" " ind2="7" tag="655">
<subfield code="a">Field recordings.</subfield>
<subfield code="2">lcgft</subfield>
</datafield>
<datafield ind1=" " ind2="7" tag="655">
<subfield code="a">Songs.</subfield>
<subfield code="2">lcgft</subfield>
</datafield>
<datafield ind1=" " ind2="7" tag="655">
<subfield code="a">Folk music.</subfield>
<subfield code="2">lcgft</subfield>
</datafield>
<datafield ind1="1" ind2=" " tag="700">
<subfield code="a">Bartis, Peter,</subfield>
<subfield code="d">1949-2017,</subfield>
<subfield code="e">interviewer,</subfield>
<subfield code="e">photographer.</subfield>
</datafield>
<datafield ind1="1" ind2=" " tag="700">
<subfield code="a">Bell, Michael Edward,</subfield>
<subfield code="d">1943-</subfield>
<subfield code="e">interviewer,</subfield>
<subfield code="e">photographer.</subfield>
</datafield>
<datafield ind1="1" ind2=" " tag="700">
<subfield code="a">Burns, Thomas A.,</subfield>
<subfield code="e">interviewer,</subfield>
<subfield code="e">photographer.</subfield>
</datafield>
<datafield ind1="1" ind2=" " tag="700">
<subfield code="a">Fleischhauer, Carl,</subfield>
<subfield code="e">interviewer, photographer.</subfield>
</datafield>
<datafield ind1="1" ind2=" " tag="700">
<subfield code="a">Goldstein, Kenneth S.,</subfield>
<subfield code="d">1927-1995,</subfield>
<subfield code="e">interviewer,</subfield>
<subfield code="e">photographer.</subfield>
</datafield>
<datafield ind1="1" ind2=" " tag="700">
<subfield code="a">Horenstein, Henry,</subfield>
<subfield code="e">photographer.</subfield>
</datafield>
<datafield ind1="1" ind2=" " tag="700">
<subfield code="a">Johnson, Geraldine Niva,</subfield>
<subfield code="d">1940-2016,</subfield>
<subfield code="e">interviewer,</subfield>
<subfield code="e">photographer.</subfield>
</datafield>
<datafield ind1="1" ind2=" " tag="700">
<subfield code="a">Harley, Nancy.</subfield>
</datafield>
<datafield ind1="1" ind2=" " tag="700">
<subfield code="a">Glawson, Francis,</subfield>
<subfield code="e">photographer.</subfield>
</datafield>
<datafield ind1="2" ind2=" " tag="710">
<subfield code="a">Rhode Island Folklife Project.</subfield>
</datafield>
<datafield ind1="2" ind2=" " tag="710">
<subfield code="a">Archive of Folk Culture (Library of Congress),</subfield>
<subfield code="e">collector.</subfield>
</datafield>
<datafield ind1="2" ind2=" " tag="710">
<subfield code="a">American Folklife Center,</subfield>
<subfield code="e">sponsor.</subfield>
</datafield>
<datafield ind1=" " ind2=" " tag="852">
<subfield code="a">Library of Congress</subfield>
<subfield code="b">Archive of Folk Culture, American Folklife Center,</subfield>
<subfield code="e">
101 Independence Ave. S. E., Washington, DC USA 20540-4610
</subfield>
<subfield code="u">http://hdl.loc.gov/loc.afc/folklife.home</subfield>
</datafield>
<datafield ind1="4" ind2="2" tag="856">
<subfield code="3">Finding aid</subfield>
<subfield code="u">http://hdl.loc.gov/loc.afc/eadafc.af016004</subfield>
</datafield>
<datafield ind1="4" ind2="1" tag="856">
<subfield code="3">Online presentation</subfield>
<subfield code="u">http://hdl.loc.gov/loc.afc/collafc.afc1991022</subfield>
</datafield>
<datafield ind1=" " ind2=" " tag="985">
<subfield code="a">afc/coll</subfield>
</datafield>
<datafield ind1=" " ind2=" " tag="985">
<subfield code="a">afc/ead</subfield>
</datafield>
</record>
</collection>